<?xml version="1.0" encoding="UTF-8"?><collection xmlns="http://www.loc.gov/MARC21/slim"><record><leader>00373nam--2200133-i-4500</leader><controlfield tag="001">000036478</controlfield><controlfield tag="002">20161230</controlfield><controlfield tag="005">20161230201040</controlfield><controlfield tag="008">060222s1000------------r-----000-0-eng-d</controlfield><datafield ind1=" " ind2=" " tag="080"><subfield code="a">621.396.96:621.3.029.6</subfield></datafield><datafield ind1=" " ind2=" " tag="100"><subfield code="a">Pollard, Ernest C.  And Sturtevant, Julian M</subfield></datafield><datafield ind1=" " ind2=" " tag="245"><subfield code="a">Microwaves and radar electronics</subfield></datafield><datafield ind1=" " ind2=" " tag="260"><subfield code="a">New York, John Wiley, 1948. Vii + 426p</subfield></datafield><datafield ind1=" " ind2=" " tag="852"><subfield code="a">435</subfield></datafield></record></collection>